@article{CYB89,
  title={Approximation by superpositions of a sigmoidal function},
  author={Cybenko, George},
  journal={Mathematics of Control, Signals, and Systems},
  volume={2},
  number={4},
  pages={303--314},
  year={1989},
  publisher={Springer}
}

@article{TUR37,
  title={On computable numbers, with an application to the Entscheidungsproblem},
  author={Turing, Alan M},
  journal={Proceedings of the London Mathematical Society},
  volume={2},
  number={1},
  pages={230--265},
  year={1937},
  publisher={Oxford University Press}
}

@book{KRI07,
  title={A brief introduction to neural networks},
  author={Kriesel, David},
  year={2007},
  publisher={BoD--Books on Demand},
  address={Norderstedt, Germany},
  edition={1}
}

@article{SIE95,
  author={Siegelmann, Hava T and Sontag, Eduardo D},
  title={On the Computational Power of Neural Nets},
  journal={Journal of Computer and System Sciences},
  volume={50},
  issue={1},
  pages={132--150},
  year={1995}
}

